@Manual{R-animation,
  title = {animation: A gallery of animations in statistics and utilities to create
animations},
  author = {Yihui Xie},
  year = {2014},
  note = {R package version 2.3},
  url = {http://CRAN.R-project.org/package=animation},
}
@Manual{R-brew,
  title = {brew: Templating Framework for Report Generation},
  author = {Jeffrey Horner},
  year = {2011},
  note = {R package version 1.0-6},
  url = {http://CRAN.R-project.org/package=brew},
}
@Manual{R-countrycode,
  title = {countrycode: Convert country names and country codes},
  author = {Vincent Arel-Bundock},
  year = {2014},
  note = {R package version 0.17},
  url = {http://CRAN.R-project.org/package=countrycode},
}
@Manual{R-data.table,
  title = {data.table: Extension of data.frame},
  author = {M Dowle and T Short and S Lianoglou and A Srinivasan with contributions from R Saporta and E Antonyan},
  year = {2014},
  note = {R package version 1.9.4},
  url = {http://CRAN.R-project.org/package=data.table},
}
@Manual{R-devtools,
  title = {devtools: Tools to make developing R code easier},
  author = {Hadley Wickham and Winston Chang},
  year = {2014},
  note = {R package version 1.6.1},
  url = {http://CRAN.R-project.org/package=devtools},
}
@Manual{R-digest,
  title = {digest: Create Cryptographic Hash Digests of R Objects},
  author = {Dirk Eddelbuettel},
  year = {2014},
  note = {R package version 0.6.6},
  url = {http://CRAN.R-project.org/package=digest},
}
@Manual{R-dplyr,
  title = {dplyr: A Grammar of Data Manipulation},
  author = {Hadley Wickham and Romain Francois},
  year = {2014},
  note = {R package version 0.3.0.2},
  url = {http://CRAN.R-project.org/package=dplyr},
}
@Manual{R-extrafont,
  title = {extrafont: Tools for using fonts},
  author = {Winston Chang,},
  year = {2014},
  note = {R package version 0.17},
  url = {http://CRAN.R-project.org/package=extrafont},
}
@Manual{R-formatR,
  title = {formatR: Format R Code Automatically},
  author = {Yihui Xie},
  year = {2014},
  note = {R package version 1.0},
  url = {http://CRAN.R-project.org/package=formatR},
}
@Manual{R-ggplot2,
  title = {ggplot2: An implementation of the Grammar of Graphics},
  author = {Hadley Wickham and Winston Chang},
  year = {2014},
  note = {R package version 1.0.0},
  url = {http://CRAN.R-project.org/package=ggplot2},
}
@Manual{R-googleVis,
  title = {googleVis: Interface between R and Google Charts},
  author = {Markus Gesmann and Diego {de Castillo}},
  year = {2014},
  note = {R package version 0.5.6},
  url = {http://CRAN.R-project.org/package=googleVis},
}
@Manual{R-httr,
  title = {httr: Tools for Working with URLs and HTTP},
  author = {Hadley Wickham},
  year = {2014},
  note = {R package version 0.6.0},
  url = {http://CRAN.R-project.org/package=httr},
}
@Manual{R-knitcitations,
  title = {knitcitations: Citations for knitr markdown files},
  author = {Carl Boettiger},
  year = {2014},
  note = {R package version 1.0.5},
  url = {http://CRAN.R-project.org/package=knitcitations},
}
@Manual{R-knitr,
  title = {knitr: A General-Purpose Package for Dynamic Report Generation in R},
  author = {Yihui Xie},
  year = {2014},
  note = {R package version 1.8.4},
  url = {http://yihui.name/knitr/},
}
@Manual{R-magrittr,
  title = {magrittr: A Forward-Pipe Operator for R},
  author = {Stefan Milton Bache and Hadley Wickham},
  year = {2014},
  note = {R package version 1.5},
  url = {http://CRAN.R-project.org/package=magrittr},
}
@Manual{R-markdown,
  title = {markdown: Markdown rendering for R},
  author = {JJ Allaire and Jeffrey Horner and Vicent Marti and Natacha Porte},
  year = {2014},
  note = {R package version 0.7.4},
  url = {http://CRAN.R-project.org/package=markdown},
}
@Manual{R-quantmod,
  title = {quantmod: Quantitative Financial Modelling Framework},
  author = {Jeffrey A. Ryan},
  year = {2014},
  note = {R package version 0.4-3},
  url = {http://CRAN.R-project.org/package=quantmod},
}
@Manual{R-RCurl,
  title = {RCurl: General network (HTTP/FTP/...) client interface for R},
  author = {Duncan {Temple Lang}},
  year = {2014},
  note = {R package version 1.95-4.5},
  url = {http://CRAN.R-project.org/package=RCurl},
}
@Manual{R-repmis,
  title = {repmis: A collection of miscellaneous tools for reproducible research with
R.},
  author = {Christopher Gandrud},
  year = {2014},
  note = {R package version 0.3.3},
  url = {http://cran.r-project.org/web/packages/repmis/},
}
@Manual{R-reshape2,
  title = {reshape2: Flexibly Reshape Data: A Reboot of the Reshape Package.},
  author = {Hadley Wickham},
  year = {2014},
  note = {R package version 1.4.1},
  url = {http://CRAN.R-project.org/package=reshape2},
}
@Manual{R-rjson,
  title = {rjson: JSON for R},
  author = {Alex Couture-Beil},
  year = {2014},
  note = {R package version 0.2.15},
  url = {http://CRAN.R-project.org/package=rjson},
}
@Manual{R-RJSONIO,
  title = {RJSONIO: Serialize R objects to JSON, JavaScript Object Notation},
  author = {Duncan {Temple Lang}},
  year = {2014},
  note = {R package version 1.3-0},
  url = {http://CRAN.R-project.org/package=RJSONIO},
}
@Manual{R-rmarkdown,
  title = {rmarkdown: Dynamic Documents for R},
  author = {JJ Allaire and Jonathan McPherson and Yihui Xie and Hadley Wickham and Joe Cheng and Jeff Allen},
  year = {2014},
  note = {R package version 0.4.1},
  url = {http://rmarkdown.rstudio.com},
}
@Manual{R-rvest,
  title = {rvest: Easily Harvest (Scrape) Web Pages},
  author = {'Hadley Wickham'},
  year = {2014},
  note = {R package version 0.1.0},
  url = {http://CRAN.R-project.org/package=rvest},
}
@Manual{R-stargazer,
  title = {stargazer: LaTeX/HTML code and ASCII text for well-formatted regression and
summary statistics tables},
  author = {Marek Hlavac},
  year = {2014},
  note = {R package version 5.1},
  url = {http://CRAN.R-project.org/package=stargazer},
}
@Manual{R-survival,
  title = {survival: Survival Analysis},
  author = {Terry Therneau},
  year = {2014},
  note = {R package version 2.37-7},
  url = {http://CRAN.R-project.org/package=survival},
}
@Manual{R-texreg,
  title = {texreg: Conversion of R regression output to LaTeX or HTML tables.},
  author = {Philip Leifeld},
  year = {2014},
  note = {R package version 1.34},
  url = {http://CRAN.R-project.org/package=texreg},
}
@Manual{R-twitteR,
  title = {twitteR: R based Twitter client},
  author = {Jeff Gentry},
  year = {2013},
  note = {R package version 1.1.7},
  url = {http://CRAN.R-project.org/package=twitteR},
}
@Manual{R-WDI,
  title = {WDI: World Development Indicators (World Bank)},
  author = {Vincent Arel-Bundock},
  year = {2013},
  note = {R package version 2.4},
  url = {http://CRAN.R-project.org/package=WDI},
}
@Manual{R-XML,
  title = {XML: Tools for parsing and generating XML within R and S-Plus.},
  author = {Duncan {Temple Lang}},
  year = {2013},
  note = {R package version 3.98-1.1},
  url = {http://CRAN.R-project.org/package=XML},
}
@Manual{R-xtable,
  title = {xtable: Export tables to LaTeX or HTML},
  author = {David B. Dahl},
  year = {2014},
  note = {R package version 1.7-4},
  url = {http://CRAN.R-project.org/package=xtable},
}
@Manual{R-Zelig,
  title = {Zelig: Everyone's Statistical Software},
  author = {Matt Owen and Kosuke Imai and Gary King and Olivia Lau},
  year = {2013},
  note = {R package version 4.2-1},
  url = {http://CRAN.R-project.org/package=Zelig},
}
@Manual{R-ZeligBayesian,
  title = {ZeligBayesian: A Zelig Model},
  author = {Matt Owen},
  year = {2011},
  note = {R package version 0.1},
  url = {http://gking.harvard.edu/zelig},
}
