@Manual{apsrtable,
  title = {apsrtable: apsrtable model-output formatter for social science},
  author = {Michael Malecki},
  year = {2012},
  note = {R package version 0.8-8},
  url = {http://CRAN.R-project.org/package=apsrtable},
}

@Manual{devtools,
  title = {devtools: Tools to make developing R code easier},
  author = {Hadley Wickham and Winston Chang},
  year = {2012},
  note = {R package version 0.8},
  url = {http://CRAN.R-project.org/package=devtools},
}

@Book{ggplot2,
  author = {Hadley Wickham},
  title = {ggplot2: elegant graphics for data analysis},
  publisher = {Springer New York},
  year = {2009},
  isbn = {978-0-387-98140-6},
  url = {http://had.co.nz/ggplot2/book},
}

@Manual{knitr,
  title = {knitr: A general-purpose package for dynamic report generation in R},
  author = {Yihui Xie},
  year = {2012},
  note = {R package version 0.8},
  url = {http://CRAN.R-project.org/package=knitr},
}

@Manual{knitcitations,
  title = {knitcitations: Citations for knitr markdown files},
  author = {Carl Boettiger},
  year = {2012},
  note = {R package version 0.1-0},
  url = {http://CRAN.R-project.org/package=knitcitations},
}

@Manual{markdown,
  title = {markdown: Markdown rendering for R},
  author = {JJ Allaire and Jeffrey Horner and Vicent Marti and Natacha Porte},
  year = {2012},
  note = {R package version 0.5.2},
}

@Article{openair,
  title = {openair --- An R package for air quality data analysis},
  author = {David C. Carslaw and Karl Ropkins},
  journal = {Environmental Modelling & Software},
  volume = {27--28},
  number = {0},
  pages = {52--61},
  year = {2012},
  issn = {1364-8152},
  doi = {10.1016/j.envsoft.2011.09.008},
}

@Manual{openair2,
  title = {openair: Open-source tools for the analysis of air pollution data},
  author = {David Carslaw and Karl Ropkins},
  year = {2012},
  note = {R package version 0.7-0},
}

@Manual{texreg,
  title = {{texreg. Conversion of R regression output to LaTeX tables}},
  author = {Philip Leifeld},
  year = {2012},
  note = {R package version 1.02},
  organization = {Eawag: Swiss Federal Institute of Aquatic Science and Technology},
  address = {D{"u}bendorf, Switzerland},
  url = {http://www.philipleifeld.de},
}

@Manual{tools,
  title = {R: A Language and Environment for Statistical Computing},
  author = {{R Core Team}},
  organization = {R Foundation for Statistical Computing},
  address = {Vienna, Austria},
  year = {2012},
  note = {{ISBN} 3-900051-07-0},
  url = {http://www.R-project.org/},
}

@Manual{xtable,
  title = {xtable: Export tables to LaTeX or HTML},
  author = {David B. Dahl},
  year = {2012},
  note = {R package version 1.7-0},
  url = {http://CRAN.R-project.org/package=xtable},
}

@Manual{Zelig,
  title = {Zelig: Everyone's Statistical Software},
  author = {Kosuke Imai and Gary King and Olivia Lau},
  year = {2012},
  note = {R package version 3.5.5},
  url = {http://CRAN.R-project.org/package=Zelig},
}
