% Bibliography For Reproducible Research in R and RStudio
% Christopher Gandrud
% Created: 

@INCOLLETION{Cortez2007,
    author = {Paulo Cortez and An\'{i}bal Morais,
    title = {A Data Mining Approach to Predict Forest Fires Using Meteorological Data},
    editor = {J. Neves and M.F. Santos and J. Machado},
    booktitle = {New Trends in Artificial INtelligence, Proceedings of the 13th EPIA},
    year = {2007},
    pages = {512-523},
    note = {\url{http://archive.ics.uci.edu/ml/datasets/Forest+Fires}}
    
}