% Bibliography For Reproducible Research in R and RStudio
% Christopher Gandrud
% Created: 30/07/2012 04:45:32 pm CEST

